% Bibliography for psych214 class

@article{donoho2009reproducible,
  title={Reproducible research in computational harmonic analysis},
  author={Donoho, David L and Maleki, Arian and Rahman, Inam Ur and Shahram, Morteza and Stodden, Victoria},
  journal={Computing in Science \& Engineering},
  volume={11},
  number={1},
  pages={8--18},
  year={2009},
  publisher={AIP Publishing},
  url = {http://stanford.edu/~vcs/papers/RRCiSE-STODDEN2009.pdf}
}

@article{ioannidis2005most,
  title={Why most published research findings are false},
  author={Ioannidis, John PA},
  journal={PLoS medicine},
  volume={2},
  number={8},
  pages={e124},
  year={2005},
  publisher={Public Library of Science},
  doi = {10.1371/journal.pmed.0020124},
  % url = {http://dx.doi.org/10.1371/journal.pmed.0020124}
}

@incollection{preeyanon2014reproducible,
  title={Reproducible bioinformatics research for biologists},
  pages={185-217},
  author={Preeyanon, Likit and Pyrkosz, Alexis Black and Brown, C Titus},
  booktitle={Implementing Reproducible Research},
  editor={Stodden, Victoria and Leisch, Friedrich and Peng, Roger D},
  publisher={{CRC} Press},
  year={2014},
  url = {https://osf.io/zqbu2},
}

@article{wilson2014best,
  title={Best practices for scientific computing},
  author={Wilson, Greg and Aruliah, DA and Brown, C Titus and Hong, Neil P Chue
      and Davis, Matt and Guy, Richard T and Haddock, Steven HD and Huff,
      Kathryn D and Mitchell, Ian M and Plumbley, Mark D and others},
  journal={PLoS Biol},
  volume={12},
  number={1},
  pages={e1001745},
  year={2014},
  publisher={Public Library of Science},
  doi = {10.1371/journal.pbio.1001745}
}

@book{huettel2014functional,
  title={Functional magnetic resonance imaging},
  author={Huettel, Scott A and Song, Allen W and
      McCarthy, Gregory},
  year={2014},
  publisher={Sinauer Associates, Inc},
  edition={third}
}

@article{eklund2016cluster,
  title={Cluster failure: Why fMRI inferences for spatial extent have inflated false-positive rates},
  author={Eklund, Anders and Nichols, Thomas E and Knutsson, Hans},
  journal={Proceedings of the National Academy of Sciences},
  pages={201602413},
  year={2016},
  publisher={National Acad Sciences},
  doi={10.1073/pnas.1602413113}
}
